<?xml version="1.0" encoding="UTF-8"?><collection xmlns="http://www.loc.gov/MARC21/slim"><record><leader>00558nam--2200193-i-4500</leader><controlfield tag="001">000049490</controlfield><controlfield tag="002">20161230</controlfield><controlfield tag="005">20161230201047</controlfield><controlfield tag="008">060222s1000------------r-----000-0-rus-d</controlfield><datafield ind1=" " ind2=" " tag="040"><subfield code="a">IFIN-HH</subfield></datafield><datafield ind1=" " ind2=" " tag="041"><subfield code="a">rus</subfield></datafield><datafield ind1=" " ind2=" " tag="080"><subfield code="a">539.23+546.47+546.48+548.25</subfield></datafield><datafield ind1="1" ind2=" " tag="100"><subfield code="a">Kalinkin, I.P</subfield></datafield><datafield ind1="1" ind2="0" tag="245"><subfield code="a">Epitaksialnye plenki soedinenii aii vvi</subfield><subfield code="c">I.p. kalinkon, v.b. aleskovskii, a.v. simaskevici</subfield></datafield><datafield ind1=" " ind2=" " tag="260"><subfield code="a">Leningrad</subfield><subfield code="b">Leningradskogo Universiteta</subfield><subfield code="c">1978</subfield></datafield><datafield ind1=" " ind2=" " tag="300"><subfield code="a">312 S</subfield></datafield><datafield ind1="1" ind2=" " tag="700"><subfield code="a">Simaskevici, A.V</subfield></datafield><datafield ind1=" " ind2=" " tag="852"><subfield code="a">47732</subfield><subfield code="c">539.23</subfield></datafield><datafield ind1=" " ind2=" " tag="CAT"><subfield code="a">Sys</subfield><subfield code="c">20121218</subfield><subfield code="h">152527</subfield></datafield></record></collection>